<record><leader>00000cas a2200000 a 4500</leader><controlfield tag="001">173189422</controlfield><controlfield tag="008">070920d19481953nyumr n       0    0eng c</controlfield><datafield ind1=" " ind2=" " tag="010"><subfield code="a">  2007245161</subfield></datafield><datafield ind1=" " ind2=" " tag="040"><subfield code="a">NYG</subfield><subfield code="b">eng</subfield><subfield code="c">NYG</subfield><subfield code="d">OCLCF</subfield><subfield code="d">OCLCO</subfield><subfield code="d">OCLCA</subfield></datafield><datafield ind1="1" ind2=" " tag="029"><subfield code="a">AU@</subfield><subfield code="b">000042207375</subfield></datafield><datafield ind1=" " ind2=" " tag="042"><subfield code="a">msc</subfield></datafield><datafield ind1=" " ind2=" " tag="043"><subfield code="a">n-us-ny</subfield></datafield><datafield ind1="0" ind2="0" tag="245"><subfield code="a">Tech gazette.</subfield></datafield><datafield ind1=" " ind2=" " tag="260"><subfield code="a">White Plains, N.Y :</subfield><subfield code="b">Published by the students of New York State Institute of Applied Arts and Sciences,</subfield><subfield code="c">1948-1953.</subfield></datafield><datafield ind1=" " ind2=" " tag="300"><subfield code="a">v. :</subfield><subfield code="b">ill.</subfield></datafield><datafield ind1=" " ind2=" " tag="310"><subfield code="a">Monthly</subfield></datafield><datafield ind1="0" ind2=" " tag="362"><subfield code="a">Vol. 1, no. 1 (March 1948)-v. 5 [i.e. 6], no. 8 (March [i.e.May] 27, 1953).</subfield></datafield><datafield ind1=" " ind2=" " tag="500"><subfield code="a">Published March 1948-May 1949 by the students of New York State Institute of Applied Arts and Sciences, White Plains, N.Y.; published  Oct. 1949-May 1953 by the students of State University of New York, Institute of Applied Arts and Sciences, White Plains, N.Y.</subfield></datafield><datafield ind1=" " ind2=" " tag="515"><subfield code="a">In chronological designation, some months are unaccompanied by day.</subfield></datafield><datafield ind1=" " ind2=" " tag="515"><subfield code="a">Issue for Feb. 27, 1953 incorrectly called vol. 6, no. 6; should be vol. 6, no.4.</subfield></datafield><datafield ind1=" " ind2=" " tag="515"><subfield code="a">Issue for Apr. 29, 1953 incorrectly called vol. 5, no. 6; should be vol. 6, no. 7.</subfield></datafield><datafield ind1=" " ind2=" " tag="515"><subfield code="a">Issue for May 27, 1953 incorrectly called March 27 vol.5, no. 8; should be vol. 6, no. 8.</subfield></datafield><datafield ind1=" " ind2="0" tag="650"><subfield code="a">College students</subfield><subfield code="z">New York (State)</subfield><subfield code="z">Westchester County</subfield><subfield code="v">Newspapers.</subfield></datafield><datafield ind1=" " ind2="0" tag="651"><subfield code="a">Westchester County (N.Y.)</subfield><subfield code="v">Newspapers.</subfield></datafield><datafield ind1=" " ind2="0" tag="651"><subfield code="a">White Plains (N.Y.)</subfield><subfield code="v">Newspapers.</subfield></datafield><datafield ind1=" " ind2="7" tag="655"><subfield code="a">Newspapers.</subfield><subfield code="2">fast</subfield><subfield code="0">(OCoLC)fst01423814</subfield></datafield><datafield ind1=" " ind2="7" tag="650"><subfield code="a">College students.</subfield><subfield code="2">fast</subfield><subfield code="0">(OCoLC)fst00867976</subfield></datafield><datafield ind1=" " ind2="7" tag="651"><subfield code="a">New York (State)</subfield><subfield code="z">Westchester County.</subfield><subfield code="2">fast</subfield><subfield code="0">(OCoLC)fst01202684</subfield></datafield><datafield ind1=" " ind2="7" tag="651"><subfield code="a">New York (State)</subfield><subfield code="z">White Plains.</subfield><subfield code="2">fast</subfield><subfield code="0">(OCoLC)fst01212009</subfield></datafield><datafield ind1="2" ind2=" " tag="710"><subfield code="a">New York State Institute of Applied Arts and Sciences (White Plains, N.Y.)</subfield></datafield><datafield ind1="2" ind2=" " tag="710"><subfield code="a">State University of New York.</subfield><subfield code="b">Institute of Applied Arts and Sciences (White Plains, N.Y.)</subfield></datafield><datafield ind1=" " ind2=" " tag="752"><subfield code="a">United States</subfield><subfield code="b">New York</subfield><subfield code="c">Westchester</subfield><subfield code="d">White Plains.</subfield></datafield><datafield ind1="0" ind2="0" tag="785"><subfield code="t">Clipper news (White Plains, N.Y.)</subfield><subfield code="w">(DLC)  2007245162</subfield></datafield></record>